<record><leader>00000cas a22000007a 4500</leader><controlfield tag="001">10494410</controlfield><controlfield tag="008">840307d18421845ctuir ne      0    0eng d</controlfield><controlfield tag="009">3768</controlfield><datafield ind1=" " ind2=" " tag="010"><subfield code="a">sn 84022581 </subfield></datafield><datafield ind1=" " ind2=" " tag="040"><subfield code="a">NPX</subfield><subfield code="b">eng</subfield><subfield code="c">NPX</subfield><subfield code="d">YOX</subfield><subfield code="d">CNW</subfield><subfield code="d">OCL</subfield><subfield code="d">CRL</subfield><subfield code="d">AQM</subfield><subfield code="d">OCLCF</subfield></datafield><datafield ind1=" " ind2=" " tag="019"><subfield code="a">210476854</subfield></datafield><datafield ind1="1" ind2=" " tag="029"><subfield code="a">AU@</subfield><subfield code="b">000020129064</subfield></datafield><datafield ind1=" " ind2=" " tag="042"><subfield code="a">msc</subfield></datafield><datafield ind1="0" ind2=" " tag="130"><subfield code="a">Norwich courier (Norwich, Conn. : 1842)</subfield></datafield><datafield ind1="0" ind2="0" tag="245"><subfield code="a">Norwich courier.</subfield></datafield><datafield ind1="1" ind2="3" tag="246"><subfield code="a">Daily courier</subfield><subfield code="f">Mar. 7-Aug. 13, 1842</subfield></datafield><datafield ind1="1" ind2="7" tag="246"><subfield code="a">Tri-weekly courier</subfield><subfield code="f">Aug. 16-Dec. 6, 1842</subfield></datafield><datafield ind1=" " ind2=" " tag="260"><subfield code="a">Norwich, CT. :</subfield><subfield code="b">D.E. Sykes,</subfield></datafield><datafield ind1=" " ind2=" " tag="300"><subfield code="a">v.</subfield></datafield><datafield ind1=" " ind2=" " tag="310"><subfield code="a">Three times a week,</subfield><subfield code="b">Aug. 16, 1842-1845</subfield></datafield><datafield ind1=" " ind2=" " tag="321"><subfield code="a">Daily (except Sun.),</subfield><subfield code="b">Mar. 7-Aug. 13, 1842</subfield></datafield><datafield ind1="0" ind2=" " tag="362"><subfield code="a">Vol. 1, no. 1 (Mar. 7, 1842)-v. 4, no. 102 (Oct. 28, 1845).</subfield></datafield><datafield ind1=" " ind2=" " tag="515"><subfield code="a">Issues for Mar. 18, 1843-1845 called also: whole no. 226-634.</subfield></datafield><datafield ind1=" " ind2=" " tag="580"><subfield code="a">Weekly ed.: Norwich courier (Norwich, Conn. : 1809).</subfield></datafield><datafield ind1=" " ind2="0" tag="651"><subfield code="a">Norwich (Conn.)</subfield><subfield code="v">Newspapers.</subfield></datafield><datafield ind1=" " ind2="0" tag="651"><subfield code="a">New London County (Conn.)</subfield><subfield code="v">Newspapers.</subfield></datafield><datafield ind1=" " ind2="7" tag="655"><subfield code="a">Newspapers.</subfield><subfield code="2">rbgenr</subfield></datafield><datafield ind1=" " ind2="7" tag="655"><subfield code="a">Newspapers.</subfield><subfield code="2">fast</subfield><subfield code="0">(OCoLC)fst01423814</subfield></datafield><datafield ind1=" " ind2="7" tag="651"><subfield code="a">Connecticut</subfield><subfield code="z">New London County.</subfield><subfield code="2">fast</subfield><subfield code="0">(OCoLC)fst01221053</subfield></datafield><datafield ind1=" " ind2="7" tag="651"><subfield code="a">Connecticut</subfield><subfield code="z">Norwich.</subfield><subfield code="2">fast</subfield><subfield code="0">(OCoLC)fst01216259</subfield></datafield><datafield ind1=" " ind2=" " tag="752"><subfield code="a">United States</subfield><subfield code="b">Connecticut</subfield><subfield code="c">New London</subfield><subfield code="d">Norwich.</subfield></datafield><datafield ind1="1" ind2=" " tag="775"><subfield code="t">Norwich courier (Norwich, Conn. : 1809)</subfield><subfield code="w">(DLC)sn 82015194</subfield><subfield code="w">(OCoLC)2265231</subfield></datafield><datafield ind1="0" ind2="0" tag="785"><subfield code="t">Norwich evening courier (Norwich, Conn. : 1845)</subfield><subfield code="w">(DLC)sn 82015206</subfield><subfield code="w">(OCoLC)8811033</subfield></datafield></record>